@book{butcher2004numerical,
  title={Numerical Methods for Ordinary Differential Equations},
  author={Butcher, J.C.},
  isbn={9780470868263},
  url={https://books.google.com.mx/books?id=okzpIwEX8aEC},
  year={2004},
  publisher={Wiley}
}


